<record><leader>00000cas a22000007a 4500</leader><controlfield tag="001">12867817</controlfield><controlfield tag="008">851204d18671868wiuwr ne      0    0eng d</controlfield><datafield ind1=" " ind2=" " tag="010"><subfield code="a">sn 85041458 </subfield></datafield><datafield ind1=" " ind2=" " tag="040"><subfield code="a">NPV</subfield><subfield code="b">eng</subfield><subfield code="c">NPV</subfield><subfield code="d">OCLCQ</subfield></datafield><datafield ind1=" " ind2=" " tag="042"><subfield code="a">msc</subfield></datafield><datafield ind1=" " ind2=" " tag="045"><subfield code="a">w6w6</subfield></datafield><datafield ind1=" " ind2=" " tag="052"><subfield code="a">4123</subfield><subfield code="b">W8</subfield></datafield><datafield ind1="0" ind2=" " tag="130"><subfield code="a">Eureka journal (Eureka, Wis.)</subfield></datafield><datafield ind1="1" ind2="0" tag="245"><subfield code="a">Eureka journal.</subfield></datafield><datafield ind1="1" ind2="3" tag="246"><subfield code="a">Eureka weekly journal</subfield></datafield><datafield ind1=" " ind2=" " tag="260"><subfield code="a">Eureka, Wis. :</subfield><subfield code="b">H.E. Rounds,</subfield><subfield code="c">1867-1868.</subfield></datafield><datafield ind1=" " ind2=" " tag="300"><subfield code="a">v. :</subfield><subfield code="b">ill. (chiefly advertisements)</subfield></datafield><datafield ind1=" " ind2=" " tag="310"><subfield code="a">Weekly</subfield></datafield><datafield ind1="0" ind2=" " tag="362"><subfield code="a">Vol. 1, no. 1 (May 10, 1867)-v. 1, no. 52 (May 6, 1868).</subfield></datafield><datafield ind1=" " ind2=" " tag="500"><subfield code="a">Editor: H.E. Rounds, May 10, 1867-May 6, 1868.</subfield></datafield><datafield ind1=" " ind2=" " tag="525"><subfield code="a">Supplements accompany some issues.</subfield></datafield><datafield ind1=" " ind2=" " tag="530"><subfield code="a">Available on microfilm from The State Historical Society of Wisconsin.</subfield></datafield><datafield ind1=" " ind2=" " tag="752"><subfield code="a">United States</subfield><subfield code="b">Wisconsin</subfield><subfield code="c">Winnebago</subfield><subfield code="d">Eureka.</subfield></datafield><datafield ind1="1" ind2=" " tag="029"><subfield code="a">AU@</subfield><subfield code="b">000025815804</subfield></datafield></record>